@article{swan1962vector,
  title={Vector bundles and projective modules},
  author={Swan, Richard G},
  journal={Trans. Amer. Math. Soc},
  volume={105},
  number={2},
  pages={264--277},
  year={1962}
}

@misc{nlab:projective_module,
  author = {{nLab authors}},
  title = {projective module},
  howpublished = {\url{http://ncatlab.org/nlab/show/projective%20module}},
  note = {\href{http://ncatlab.org/nlab/revision/projective%20module/19}{Revision 19}},
  month = oct,
  year = 2019
}
